@article{Sethi2016,
  author = {P. Sethi and R. Sahu},
  title = {Load Balancing Algorithms in Cloud Computing: A Survey},
  journal = {International Journal of Computer Applications},
  volume = {138},
  number = {11},
  pages = {8--13},
  year = {2016},
  doi = {10.5120/ijca2016908750}
}

@article{Alakeel2010,
  author = {A. M. Alakeel},
  title = {Efficient Load Balancing Algorithms: Comparative Study},
  journal = {Journal of Computer Science},
  volume = {6},
  number = {3},
  pages = {403--409},
  year = {2010},
  doi = {10.3844/jcssp.2010.403.409}
}
@article{Alzoubi2021,
  author = {H. Alzoubi and I. Alsmadi and C.-H. Hsu},
  title = {Traffic Load Balancing in Cloud Data Centers Using Dynamic Resource Allocation},
  journal = {IEEE Access},
  volume = {9},
  pages = {37813--37822},
  year = {2021},
  doi = {10.1109/ACCESS.2021.3059551}
}

@article{lorido2014,
  title={A review of auto-scaling techniques for elastic applications in cloud environments},
  author={Lorido-Botran, Tania and Miguel-Alonso, Jose and Lozano, Jose A},
  journal={Journal of grid computing},
  volume={12},
  pages={559--592},
  year={2014},
  publisher={Springer}
}
@inproceedings{sanchez2011,
  title={Vantage: Scalable and efficient fine-grain cache partitioning},
  author={Sanchez, Daniel and Kozyrakis, Christos},
  booktitle={Proceedings of the 38th annual international symposium on Computer architecture},
  pages={57--68},
  year={2011}
}
@book{robinson2017,
  title={Content delivery networks: fundamentals, design, and evolution},
  author={Robinson, Dom},
  year={2017},
  publisher={John Wiley \& Sons}
}
@book{prusty2018,
  title={Blockchain for Enterprise: Build scalable blockchain applications with privacy, interoperability, and permissioned features},
  author={Prusty, Narayan},
  year={2018},
  publisher={Packt Publishing Ltd}
}



